<?xml version="1.0" encoding="UTF-8"?><collection xmlns="http://www.loc.gov/MARC21/slim"><record><leader>00326nam--2200121-i-4500</leader><controlfield tag="001">000034838</controlfield><controlfield tag="002">20161230</controlfield><controlfield tag="005">20161230201040</controlfield><controlfield tag="008">060222s1000------------r-----000-0-eng-d</controlfield><datafield ind1=" " ind2=" " tag="080"><subfield code="a">338</subfield></datafield><datafield ind1=" " ind2=" " tag="245"><subfield code="a">Norme interne pentru exploatarea si intretinerea autovehiculelor</subfield></datafield><datafield ind1=" " ind2=" " tag="260"><subfield code="a">Bucuresti, Ed.Energ.De Stat, 1954, 71p</subfield></datafield><datafield ind1=" " ind2=" " tag="852"><subfield code="a">3467</subfield></datafield></record></collection>